@article{Test.1900,
 abstract = {Dies ist ein Test},
 author = {Test, Test and Test},
 year = {1900},
 title = {Tehhhst},
 pages = {0--120},
 volume = {100},
 number = {1},
 issn = {1234567890},
 journal = {Test Journal of Test}
}
@article{Test.1901,
 abstract = {Dies ist ein zweiter Test},
 author = {Test, Test and Test},
 year = {1901},
 title = {Tehhhst 2},
 pages = {0--123},
 volume = {100},
 number = {1},
 issn = {1234567890},
 journal = {Test Journal of Test the Second}
}